%%%%%%%%%%%%%%%%%%%%%%%%%%%%% NLP Homework 3 %%%%%%%%%%%%%%%%%%%%%%%%%%%

@inproceedings{white_suffix,
 author = {White, T. G. and Sowell, V. and Yanagihara, A.},
 title = {Teaching Elementary Students to Use Word-Part Clues},
 year = {1999},
 booktitle = {Reading Teacher}
}

@misc{suffix_list,
title = {The 20 Most Common Suffixes},
howpublished = "\url{http://www.darke.k12.oh.us/curriculum/la/suffixes.pdf}"
}

@misc{mturk,
title = {Amazon Mechanical Turk},
howpublished = "\url{https://www.mturk.com/mturk/welcome}"
}

@misc{tweepy,
title = {Tweepy : An easy-to-use Python library for accessing the Twitter API},
howpublished = "\url{http://www.tweepy.org/}"
}


@misc{ner,
title = {Stanford Named Entity Recognition (NER) System},
howpublished = "\url{http://nlp.stanford.edu/ner/}"
}


@inproceedings{Hwa_active,
 author = {Hwa, Rebecca},
 title = {Sample Selection for Statistical Grammar Induction},
 booktitle = {Proceedings of the 2000 Joint SIGDAT Conference on Empirical Methods in Natural Language Processing and Very Large Corpora: Held in Conjunction with the 38th Annual Meeting of the Association for Computational Linguistics - Volume 13},
 series = {EMNLP '00},
 year = {2000},
 publisher = {Association for Computational Linguistics},
 address = {Stroudsburg, PA, USA}
}

@incollection{Liu_survey,
  author = {Bing Liu and Lei Zhang},
  booktitle = {Mining Text Data},
  crossref = {books/sp/mining12},
  editor = {Aggarwal, Charu C. and Zhai, ChengXiang},
  pages = {415-463},
  publisher = {Springer},
  title = {A Survey of Opinion Mining and Sentiment Analysis.},
  year = {2012}
}

@misc{fbi_sarcasm,
title = {US Secret Service seeks Twitter sarcasm detector},
howpublished = "\url{http://www.bbc.com/news/technology-27711109}"
}

@misc{datumbox,
title={Datumbox website},
howpublished="\url{http://www.datumbox.com/}"
}

@misc{tweetnlp,
title={Tweet POS tagger TweetNLP},
howpublished="\url{http://www.ark.cs.cmu.edu/TweetNLP/}"
}

@inproceedings{davidov10,
 author = {Davidov, Dmitry and Tsur, Oren and Rappoport, Ari},
 title = {Semi-supervised Recognition of Sarcastic Sentences in Twitter and Amazon},
 booktitle = {Proceedings of the Fourteenth Conference on Computational Natural Language Learning},
 series = {CoNLL '10},
 year = {2010}
}

@article{reyes12,
 author = {Reyes, Antonio and Rosso, Paolo and Buscaldi, Davide},
 title = {From Humor Recognition to Irony Detection: The Figurative Language of Social Media},
 journal = {Data Knowl. Eng.},
 year = {2012},
 publisher = {Elsevier Science Publishers B. V.}
}

@inproceedings{riloff13,
  author = {Riloff, Ellen and Qadir, Ashequl and Surve, Prafulla and Silva, Lalindra De and Gilbert, Nathan and Huang, Ruihong},
  booktitle = {EMNLP},
  pages = {704-714},
  publisher = {ACL},
  title = {Sarcasm as Contrast between a Positive Sentiment and Negative Situation.},
  year = {2013}
}

@inproceedings{tomas14,
author="Pt{\'a}{\v{c}}ek, Tom{\'a}{\v{s}}
and Habernal, Ivan
and Hong, Jun",
title="Sarcasm Detection on Czech and English Twitter",
booktitle="Proceedings of COLING 2014, the 25th International Conference on Computational Linguistics: Technical Papers",
year="2014",
location="Dublin, Ireland"
}

@inproceedings{gimpel11,
 author = {Gimpel, Kevin and Schneider, Nathan and O'Connor, Brendan and Das, Dipanjan and Mills, Daniel and Eisenstein, Jacob and Heilman, Michael and Yogatama, Dani and Flanigan, Jeffrey and Smith, Noah A.},
 title = {Part-of-speech Tagging for Twitter: Annotation, Features, and Experiments},
 booktitle = {ACL},
 year = {2011}
}

@inproceedings{kong2014dependency,
  title={A dependency parser for tweets},
  author={Kong, Lingpeng and Schneider, Nathan and Swayamdipta, Swabha and Bhatia, Archna and Dyer, Chris and Smith, Noah A},
  booktitle={Proceedings of the Conference on Empirical Methods in Natural Language Processing, Doha, Qatar, to appear},
  year={2014}
}
